@online{YARD,
    title = "Yay! A Ruby Documentation Tool",
    url = "https://yardoc.org",
    urldate = "2018-10-01",
}

@online{RDL,
    title = "RDL -- Types, type checking, and contracts for Ruby",
    url = "https://github.com/plum-umd/rdl",
    urldate = "2018-10-01",
}

@online{SOLARGRAPH,
    title = "Solargraph",
    url = "https://github.com/castwide/solargraph",
    urldate = "2018-10-01",
}

@online{ROBE,
    title = "Robe",
    url = "https://github.com/dgutov/robe",
    urldate = "2018-10-01",
}

@online{CTAGS,
    title = "CTags project",
    url = "http://ctags.sourceforge.net",
    urldate = "2018-10-01",
}

@online{RUBY,
    title = "JÄ™zyk programowania Ruby",
    url = "https://www.ruby-lang.org/pl/",
    urldate = "2018-10-01",
}

@online{RUBYMINE,
    title = "RubyMine: Ruby on Rails IDE by JetBrains",
    url = "https://www.jetbrains.com/ruby/",
    urldate = "2018-10-01",
}

@online{VIM,
    title = "Vim -- the ubiquitous text editor",
    url = "https://www.vim.org",
    urldate = "2018-10-01",
}

@online{EMACS,
    title = "GNU/Emacs",
    url = "https://www.gnu.org/software/emacs/",
    urldate = "2018-10-01",
}

@online{ATOM,
    title = "Atom",
    url = "https://atom.io",
    urldate = "2018-10-01",
}

@online{LSP,
    title = "Language Server Protocol",
    url = "https://microsoft.github.io/language-server-protocol/",
    urldate = "2018-10-01",
}

@article{FICA,
    title = "Fast Interprocedural Class Analysis",
    author = "Greg DeFouw and David Grove and Craig Chambers",
    year = 1997
}

